
@online{data-center-cooling-future-of-cooling-systems-methods,
  title   = {Data center cooling future of cooling systems methods and technologies},
  author  = {datacenters.com},
  url     = {https://www.datacenters.com/news/data-center-cooling-future-of-cooling-systems-methods-and-technologies},
  urldate = {2022-04-13},
  year    = {2022-04-13}
}
@online{
  title   = {Data Center Cooling 101: A Beginner's Guide to AFM Best Practices and Cooling Optimization},
  author  = {{Upsite Technologies}},
  url     = {https://www.youtube.com/watch?v=dGvjva2xrSM},
  urldate = {2022-05-12},
  date    = {2020-11-11},
}
@online{
  title   = {},
  author  = {},
  url     = {https://clysema.com/tendencias-climatizacion-centros-de-datos/},
  urldate = {2022-05-12},
  date    = {},
}
@online{
  title   = {},
  author  = {},
  url     = {},
  urldate = {2022-05-12},
  date    = {},
}
@online{
  title   = {},
  author  = {},
  url     = {},
  urldate = {2022-05-12},
  date    = {},
}
@online{
  title   = {},
  author  = {},
  url     = {},
  urldate = {2022-05-12},
  date    = {},
}
@online{
  title   = {},
  author  = {},
  url     = {},
  urldate = {2022-05-12},
  date    = {},
}
@online{
  title   = {},
  author  = {},
  url     = {},
  urldate = {2022-05-12},
  date    = {},
}
@online{
  title   = {},
  author  = {},
  url     = {},
  urldate = {2022-05-12},
  date    = {},
}
@online{
  title   = {},
  author  = {},
  url     = {},
  urldate = {2022-05-12},
  date    = {},
}
@online{
  title   = {},
  author  = {},
  url     = {},
  urldate = {2022-05-12},
  date    = {},
}
@online{
  title   = {},
  author  = {},
  url     = {},
  urldate = {2022-05-12},
  date    = {},
}
@online{
  title   = {},
  author  = {},
  url     = {},
  urldate = {2022-05-12},
  date    = {},
}
@online{
  title   = {},
  author  = {},
  url     = {},
  urldate = {2022-05-12},
  date    = {},
}
@online{
  title   = {},
  author  = {},
  url     = {},
  urldate = {2022-05-12},
  date    = {},
}
@online{
  title   = {},
  author  = {},
  url     = {},
  urldate = {2022-05-12},
  date    = {},
}
@online{
  title   = {},
  author  = {},
  url     = {},
  urldate = {2022-05-12},
  date    = {},
}
@online{
  title   = {},
  author  = {},
  url     = {},
  urldate = {2022-05-12},
  date    = {},
}
@online{
  title   = {},
  author  = {},
  url     = {},
  urldate = {2022-05-12},
  date    = {},
}
@online{
  title   = {},
  author  = {},
  url     = {},
  urldate = {2022-05-12},
  date    = {},
}
@online{
  title   = {},
  author  = {},
  url     = {},
  urldate = {2022-05-12},
  date    = {},
}

%https://www.systemair.com/fileadmin/user_upload/systemair-b2b/Local/Turkey/Destek/Medya_Merkezi/Veri_Merkezleri/Systemair-DataCentre-Cooling-Solutions_web.pdf

%https://www.rittaltic.es/importancia-refrigeracion-centros-datos/

%https://journal.uptimeinstitute.com/a-look-at-data-center-cooling-technologies/

%Datacenter Cooling Methods | Datacenter cooling best practices (submer.com)

%Types of Data Center Cooling Techniques - Raritan

%https://www.siberzone.es/blog-sistemas-ventilacion/enfriamiento-adiabatico/

%(152) What Is A Quick-Connect Fitting And How Do They Work? - YouTube

%https://opentextbc.ca/basichvac/chapter/direct-expansion-air-conditioning-systems/

%https://www.airzone.es/blog/ahorro/que-es-el-free-cooling/

%https://blog.logisa.com/blog/diferencia-entre-contencion-de-pasillos-frios-y-de-pasillos-calientes

%Data center - Wikiwand

%What Is a Data Center? - Cisco

%[1] How much energy do data centers use? David Mytton (no sé cómo poner referencias aquí, luego lo vemos)

%[2] The Rising Data Center Power Density and The Resultant Challenges (datacenters.com)

%[3] A survey on data center cooling systems: Technology, power consumption modeling and control strategy optimization - ScienceDirect

%[4] La importancia de la Refrigeración de los Centros de Datos (cofrico.com)

%Choosing the right PC cooling system for you | reichelt.com|Choosing the right PC cooling system for you | reichelt.com

%https://pavimentostecnicos.com/suelo-tecnico/falso-suelo-para-cpd
